<?xml version="1.0" encoding="UTF-8"?><record xmlns="http://www.loc.gov/MARC21/slim" xmlns:cinclude="http://apache.org/cocoon/include/1.0" xmlns:zs="http://www.loc.gov/zing/srw/">
  <leader>00823cz  a2200157n  4500</leader>
  <controlfield tag="001">n  79080935 </controlfield>
  <controlfield tag="003">DLC</controlfield>
  <controlfield tag="005">20120801080433.0</controlfield>
  <controlfield tag="008">790723n| acannaab           |b ana      </controlfield>
  <datafield tag="010" ind1=" " ind2=" ">
    <subfield code="a">n  79080935 </subfield>
  </datafield>
  <datafield tag="040" ind1=" " ind2=" ">
    <subfield code="a">DLC</subfield>
    <subfield code="b">eng</subfield>
    <subfield code="c">DLC</subfield>
    <subfield code="d">DLC</subfield>
  </datafield>
  <datafield tag="111" ind1="2" ind2=" ">
    <subfield code="a">Symposium on Communication of Scientific and Technical Information for Industry</subfield>
    <subfield code="d">(1969 :</subfield>
    <subfield code="c">Rome, Italy)</subfield>
  </datafield>
  <datafield tag="411" ind1="2" ind2=" ">
    <subfield code="a">Communication of Scientific and Technical Information for Industry, Symposium on</subfield>
  </datafield>
  <datafield tag="411" ind1="2" ind2=" ">
    <subfield code="w">nnaa</subfield>
    <subfield code="a">Symposium on Communication of Scientific and Technical Information for Industry,</subfield>
    <subfield code="c">Rome,</subfield>
    <subfield code="d">1969.</subfield>
  </datafield>
  <datafield tag="667" ind1=" " ind2=" ">
    <subfield code="a">THIS 1XX FIELD CANNOT BE USED UNDER RDA UNTIL THIS RECORD HAS BEEN REVIEWED AND/OR UPDATED</subfield>
  </datafield>
  <datafield tag="670" ind1=" " ind2=" ">
    <subfield code="a">HavliĚcĚek, K. Symposium on ... 1969? (a.e.)</subfield>
    <subfield code="b">t.p. (Symposium on Communication of Scientific and Technical Information for Industry, 10/21-22/69, Rome)</subfield>
  </datafield>
</record>